<?xml version="1.0" encoding="UTF-8"?><collection xmlns="http://www.loc.gov/MARC21/slim"><record><leader>00406nam--2200145-i-4500</leader><controlfield tag="001">000001991</controlfield><controlfield tag="002">20161230</controlfield><controlfield tag="005">20161230201024</controlfield><controlfield tag="008">060222s1000------------r-----000-0-eng-d</controlfield><datafield ind1="1" ind2="0" tag="100"><subfield code="a">Freudenthal,H</subfield></datafield><datafield ind1="1" ind2=" " tag="245"><subfield code="a">Logique mathematique appliquee</subfield></datafield><datafield ind1=" " ind2=" " tag="260"><subfield code="a">Paris, Gauthier-villars, 1958. 57 P</subfield></datafield><datafield ind1=" " ind2=" " tag="490"><subfield code="a">Collection De Logique Mathematique. Seria A</subfield></datafield><datafield ind1=" " ind2=" " tag="852"><subfield code="a">15095</subfield><subfield code="c">517.11</subfield></datafield><datafield ind1=" " ind2=" " tag="CAT"><subfield code="a">Sys</subfield><subfield code="c">20080715</subfield><subfield code="h">115614</subfield></datafield></record></collection>